<record><leader>00000cas a22000007a 4500</leader><controlfield tag="001">16961224</controlfield><controlfield tag="008">871110d18891909ohuwr ne      0    0eng d</controlfield><datafield ind1=" " ind2=" " tag="010"><subfield code="a">sn 87075205 </subfield></datafield><datafield ind1=" " ind2=" " tag="040"><subfield code="a">ONP</subfield><subfield code="b">eng</subfield><subfield code="c">ONP</subfield><subfield code="d">OCLCQ</subfield></datafield><datafield ind1=" " ind2=" " tag="042"><subfield code="a">msc</subfield></datafield><datafield ind1="0" ind2="0" tag="245"><subfield code="a">Athens County gazette.</subfield></datafield><datafield ind1=" " ind2=" " tag="260"><subfield code="a">Athens, Ohio :</subfield><subfield code="b">[Gazette Print. and Pub. Co.],</subfield><subfield code="c">-1909.</subfield></datafield><datafield ind1=" " ind2=" " tag="310"><subfield code="a">Weekly</subfield></datafield><datafield ind1="1" ind2=" " tag="362"><subfield code="a">Began in 1889.</subfield></datafield><datafield ind1="0" ind2=" " tag="362"><subfield code="a">-v. 21, no. 23 (June 10, 1909).</subfield></datafield><datafield ind1=" " ind2=" " tag="588"><subfield code="a">Description based on: Vol. 9, no. 52 (Dec. 30, 1897).</subfield></datafield><datafield ind1=" " ind2=" " tag="752"><subfield code="a">United States</subfield><subfield code="b">Ohio</subfield><subfield code="c">Athens</subfield><subfield code="d">Athens.</subfield></datafield><datafield ind1="0" ind2="4" tag="785"><subfield code="t">Valley register (Nelsonville, Ohio)</subfield><subfield code="w">(DLC)sn 87075204</subfield></datafield></record>